%% This BibTeX bibliography file was created using BibDesk.
%% http://bibdesk.sourceforge.net/


%% Created for Nicole Eikmeier at 2016-04-28 14:43:01 -0400 


%% Saved with string encoding Unicode (UTF-8) 



@url{HSL,
	Date-Added = {2016-04-28 18:41:44 +0000},
	Date-Modified = {2016-04-28 18:42:51 +0000},
	Title = {HSL, a collection of Fortran codes for large-scale scientific computation.},
	Urldate = {htpp://www.hsl.rl.ac.uk/}}

@article{Paige,
	Author = {Christopher C. Paige and Michael A. Saunders},
	Date-Added = {2016-04-28 18:36:50 +0000},
	Date-Modified = {2016-04-28 18:39:34 +0000},
	Journal = {ACM Transactions on Mathematical Software},
	Month = {March},
	Number = {1},
	Pages = {43-71},
	Title = {LSQR: An Algorithm for Sparse Linear Equations and Sparse Least Squares},
	Volume = {8},
	Year = {1982}}

@book{GallopoulosPhilippeSameh2016,
	Author = {Efstratios Gallopoulos and Bernard Philippe and Ahmed H. Sameh},
	Date-Modified = {2016-04-28 02:32:26 +0000},
	Publisher = {Springer},
	Title = {Pararallelism in Matrix Computations},
	Year = {2016}}

@article{KamathSameh1988,
	Author = {Chandrika Kamath and Ahmed Sameh},
	File = {:KamathSameh1988.pdf:PDF},
	Journal = {Parallel Computing},
	Pages = {291-312},
	Title = {A projection method for solving nonsymmetric linear systems on multiprocessors},
	Url = {http://www.sciencedirect.com/science/article/pii/0167819189901142},
	Volume = {9},
	Year = {1988},
	Bdsk-Url-1 = {http://www.sciencedirect.com/science/article/pii/0167819189901142}}
